% scibib.bib
 
@book{algebraictopology,
    author    = "Allen Hatcher",
    title     = "Algebraic Topology",
    year      = "2002",
    publisher = "Cambridge University Press"
}

@book{LNiAT,
    author    = "James F. Davis, Paul Kirk",
    title     = "Lecture Notes in Algebraic Topology",
    year      = "2001",
    publisher = "American Mathematical Society"
}
 
@article{HoustonSingularityTheory,
author = {Houston, Kevin},
title = {An Introduction to the Image Computing Spectral Sequence},
journal = {Singularity Theory: London Mathematical Society Lecture Note Series 263},
year = {1999},
pages={305-324},
publisher={Cambridge University Press},
volume = {263}
}

@article{Goryunov,
author = {Goryunov, Victor V.}, 
title = {Semi-Simplicial Resolutions and Homology of Images and Discriminants of Mappings},
volume = {s3-70}, 
number = {2}, 
pages = {363-385}, 
year = {1995}, 
doi = {10.1112/plms/s3-70.2.363}, 
URL = {http://plms.oxfordjournals.org/content/s3-70/2/363.short}, 
eprint = {http://plms.oxfordjournals.org/content/s3-70/2/363.full.pdf+html}, 
journal = {Proceedings of the London Mathematical Society} 
}

@article{HoustonTopology,
author = {Houston, Kevin}, 
title = {Local Topology of Images of Finite Complex Analytic Maps},
volume = {5}, 
pages = {1077-1121}, 
year = {1997},
journal = {Topology} 
}

@article{Steenrodco,
 ISSN = {0003486X},
 URL = {http://www.jstor.org/stable/1969099},
 author = {N. E. Steenrod},
 journal = {Annals of Mathematics},
 number = {4},
 pages = {610-627},
 publisher = {Annals of Mathematics},
 title = {Homology With Local Coefficients},
 volume = {44},
 year = {1943}
}

@book{UCT,
    author    = "Jia Lin Chen",
    title     = "Universal Coeï¬ƒcient Theorem for Homology",
    year      = "2009",
    publisher = "University of Chigago"
}

@article{EquivariantCohomology,
author = {Tu, Loring W.}, 
title = {What is ... Equivariant Cohomology?},
pages = {423--426}, 
year = {2011},
journal = {Notices of the American Mathematical Society},
volume={58}
}



% This is the .bib file used to compile the document "A simple Science
% template" (scifile.tex).  It is not intended as an example of how to
% set up your BibTeX file.











